@book{ abelson-et-al:scheme,
  author = "Harold Abelson and Gerald~Jay Sussman and Julie Sussman",
  title = "Structure and Interpretation of Computer Programs",
  publisher = "MIT Press",
  address = "Cambridge, Massachusetts",
  year = "1985"
}

@inproceedings{ bgf:Lixto,
  author = "Robert Baumgartner and Georg Gottlob and Sergio Flesca",
  title = "Visual Information Extraction with {Lixto}",
  booktitle = "Proceedings of the 27th International Conference on Very Large Databases",
  pages = "119--128",
  publisher = "Morgan Kaufmann",
  address = "Rome, Italy",
  month = "September",
  year = "2001"
}

@article{ brachman-schmolze:kl-one,
  author = "Ronald~J. Brachman and James~G. Schmolze",
  title = "An overview of the {KL-ONE} knowledge representation system",
  journal = "Cognitive Science",
  volume = "9",
  number = "2",
  pages = "171--216",
  month = "April--June",
  year = "1985"
}

@article{ gottlob:nonmon,
  author = "Georg Gottlob",
  title = "Complexity results for nonmonotonic logics",
  journal = "Journal of Logic and Computation",
  volume = "2",
  number = "3",
  pages = "397--425",
  month = "June",
  year = "1992"
}

@article{ gls:hypertrees,
  author = "Georg Gottlob and Nicola Leone and Francesco Scarcello",
  title = "Hypertree Decompositions and Tractable Queries",
  journal = "Journal of Computer and System Sciences",
  volume = "64",
  number = "3",
  pages = "579--627",
  month = "May",
  year = "2002"
}

@article{ levesque:functional-foundations,
  author = "Hector~J. Levesque",
  title = "Foundations of a functional approach to knowledge representation",
  journal = "Artificial Intelligence",
  volume = "23",
  number = "2",
  pages = "155--212",
  month = "July",
  year = "1984"
}

@inproceedings{ levesque:belief,
  author = "Hector~J. Levesque",
  title = "A logic of implicit and explicit belief",
  booktitle = "Proceedings of the Fourth National Conference on Artificial Intelligence",
  publisher = "American Association for Artificial Intelligence",
  pages = "198--202",
  address = "Austin, Texas",
  month = "August",
  year = "1984"
}

@article{ nebel:jair-2000,
  author = "Bernhard Nebel",
  title = "On the compilability and expressive power of propositional planning formalisms",
  journal = "Journal of Artificial Intelligence Research",
  volume = "12",
  pages = "271--315",
  year = "2000"
}

@inproceedings{juozapaitis2019,
  title={Explainable reinforcement learning via reward decomposition},
  author={Juozapaitis, Zoe and Koul, Anurag and Fern, Alan and Erwig, Martin and Doshi-Velez, Finale},
  booktitle={Proceedings of the IJCAI 2019 Workshop on Explainable Artificial Intelligence},
  pages={47--53},
  year={2019}
}

@article{mnih2015,
  title={Human-level control through deep reinforcement learning},
  author={Mnih, Volodymyr and Kavukcuoglu, Koray and Silver, David and Rusu, Andrei A and Veness, Joel and Bellemare, Marc G and Graves, Alex and Riedmiller, Martin and Fidjeland, Andreas K and Ostrovski, Georg and others},
  journal={Nature},
  volume={518},
  number={7540},
  pages={529--533},
  year={2015},
  publisher={Nature Publishing Group}
}

@book{sutton_and_barto2018,
  title={Reinforcement learning: An introduction},
  author={Sutton, Richard S and Barto, Andrew G},
  year={2018},
  publisher={MIT press}
}

@article{watkins1992,
  title={Q-learning},
  author={Watkins, Christopher JCH and Dayan, Peter},
  journal={Machine learning},
  volume={8},
  number={3-4},
  pages={279--292},
  year={1992},
  publisher={Springer}
}

@article{watkins1992,
  title={Q-learning},
  author={Watkins, Christopher JCH and Dayan, Peter},
  journal={Machine learning},
  volume={8},
  number={3-4},
  pages={279--292},
  year={1992},
  publisher={Springer}
}

@misc{proceedings,
  author = {{IJCAI Proceedings}},
  title = {{IJCAI} Camera Ready Submission},
  howpublished = {\url{https://proceedings.ijcai.org/info}},
}

@article{DBLP:journals/corr/abs-1809-06061,
  author    = {Rahul Iyer and
               Yuezhang Li and
               Huao Li and
               Michael Lewis and
               Ramitha Sundar and
               Katia P. Sycara},
  title     = {Transparency and Explanation in Deep Reinforcement Learning Neural
               Networks},
  journal   = {CoRR},
  volume    = {abs/1809.06061},
  year      = {2018},
  archivePrefix = {arXiv},
  eprint    = {1809.06061},
  timestamp = {Fri, 05 Oct 2018 11:34:52 +0200},
  bibsource = {dblp computer science bibliography, https://dblp.org}
}

@inproceedings{
gupta2020explain,
title={Explain Your Move: Understanding Agent Actions Using Focused Feature Saliency},
author={Piyush Gupta and Nikaash Puri and Sukriti Verma and Dhruv Kayastha and Shripad Deshmukh and Balaji Krishnamurthy and Sameer Singh},
booktitle={International Conference on Learning Representations},
year={2020},
}

@article{DBLP:journals/corr/abs-1812-11276,
  author    = {Zhao Yang and
               Song Bai and
               Li Zhang and
               Philip H. S. Torr},
  title     = {Learn to Interpret Atari Agents},
  journal   = {CoRR},
  volume    = {abs/1812.11276},
  year      = {2018},
  archivePrefix = {arXiv},
  eprint    = {1812.11276},
  timestamp = {Fri, 11 Oct 2019 11:06:23 +0200},
  bibsource = {dblp computer science bibliography, https://dblp.org}
}

@inproceedings{
michalenko2018finite,
title={Finite Automata Can be Linearly Decoded from Language-Recognizing {RNN}s},
author={Joshua J. Michalenko and Ameesh Shah and Abhinav Verma and Swarat Chaudhuri and Ankit B. Patel},
booktitle={International Conference on Learning Representations},
year={2019},
}


@inproceedings{
atrey2020exploratory,
title={Exploratory Not Explanatory: Counterfactual Analysis of Saliency Maps for Deep {\{}RL{\}}},
author={Akanksha Atrey and Kaleigh Clary and David Jensen},
booktitle={International Conference on Learning Representations},
year={2020},
}

@article{DBLP:journals/corr/abs-1906-02500,
  author    = {Alex Mott and
               Daniel Zoran and
               Mike Chrzanowski and
               Daan Wierstra and
               Danilo J. Rezende},
  title     = {Towards Interpretable Reinforcement Learning Using Attention Augmented
               Agents},
  journal   = {CoRR},
  volume    = {abs/1906.02500},
  year      = {2019},
  archivePrefix = {arXiv},
  eprint    = {1906.02500},
  timestamp = {Thu, 13 Jun 2019 13:36:00 +0200},
  bibsource = {dblp computer science bibliography, https://dblp.org}
}

@misc{sorokin2015deep,
    title={Deep Attention Recurrent Q-Network},
    author={Ivan Sorokin and Alexey Seleznev and Mikhail Pavlov and Aleksandr Fedorov and Anastasiia Ignateva},
    year={2015},
    eprint={1512.01693},
    archivePrefix={arXiv},
    primaryClass={cs.LG}
}

@InProceedings{pmlr-v80-greydanus18a,
  title = 	 {Visualizing and Understanding {A}tari Agents},
  author = 	 {Greydanus, Samuel and Koul, Anurag and Dodge, Jonathan and Fern, Alan},
  booktitle = 	 {Proceedings of the 35th International Conference on Machine Learning},
  pages = 	 {1792--1801},
  year = 	 {2018},
  editor = 	 {Dy, Jennifer and Krause, Andreas},
  volume = 	 {80},
  series = 	 {Proceedings of Machine Learning Research},
  address = 	 {Stockholmsmässan, Stockholm Sweden},
  month = 	 {10--15 Jul},
  publisher = 	 {PMLR},
  pdf = 	 {http://proceedings.mlr.press/v80/greydanus18a/greydanus18a.pdf},
  abstract = 	 {While deep reinforcement learning (deep RL) agents are effective at maximizing rewards, it is often unclear what strategies they use to do so. In this paper, we take a step toward explaining deep RL agents through a case study using Atari 2600 environments. In particular, we focus on using saliency maps to understand how an agent learns and executes a policy. We introduce a method for generating useful saliency maps and use it to show 1) what strong agents attend to, 2) whether agents are making decisions for the right or wrong reasons, and 3) how agents evolve during learning. We also test our method on non-expert human subjects and find that it improves their ability to reason about these agents. Overall, our results show that saliency information can provide significant insight into an RL agent’s decisions and learning behavior.}
}

@inproceedings{VaswaniSPUJGKP17,
  author={Ashish Vaswani and Noam Shazeer and Niki Parmar and Jakob Uszkoreit and Llion Jones and Aidan N. Gomez and Lukasz Kaiser and Illia Polosukhin},
  title={Attention is All you Need},
  year={2017},
  cdate={1483228800000},
  pages={6000-6010},
  booktitle={NIPS}
}

@article{olson2019counterfactual,
  title={Counterfactual States for Atari Agents via Generative Deep Learning},
  author={Olson, Matthew L and Neal, Lawrence and Li, Fuxin and Wong, Weng-Keen},
  journal={arXiv preprint arXiv:1909.12969},
  year={2019}
}




# ############################################################
# Deep RL
# ############################################################
@article{DRLmnih2013playing,
  title={Playing atari with deep reinforcement learning},
  author={Mnih, Volodymyr and Kavukcuoglu, Koray and Silver, David and Graves, Alex and Antonoglou, Ioannis and Wierstra, Daan and Riedmiller, Martin},
  journal={arXiv preprint arXiv:1312.5602},
  year={2013}
}

@inproceedings{DRLhausknecht2015deep,
  title={Deep recurrent q-learning for partially observable mdps},
  author={Hausknecht, Matthew and Stone, Peter},
  booktitle={2015 AAAI Fall Symposium Series},
  year={2015}
}

@article{DRLwang2015dueling,
  title={Dueling network architectures for deep reinforcement learning},
  author={Wang, Ziyu and Schaul, Tom and Hessel, Matteo and Van Hasselt, Hado and Lanctot, Marc and De Freitas, Nando},
  journal={arXiv preprint arXiv:1511.06581},
  year={2015}
}

@inproceedings{DRLvan2016deep,
  title={Deep reinforcement learning with double q-learning},
  author={Van Hasselt, Hado and Guez, Arthur and Silver, David},
  booktitle={Thirtieth AAAI conference on artificial intelligence},
  year={2016}
}




# ############################################################
# Deep Supervised Learning
# ############################################################
@inproceedings{DSLkrizhevsky2012imagenet,
  title={Imagenet classification with deep convolutional neural networks},
  author={Krizhevsky, Alex and Sutskever, Ilya and Hinton, Geoffrey E},
  booktitle={Advances in neural information processing systems},
  pages={1097--1105},
  year={2012}
}

@article{DSLhochreiter1997long,
  title={Long short-term memory},
  author={Hochreiter, Sepp and Schmidhuber, J{\"u}rgen},
  journal={Neural computation},
  volume={9},
  number={8},
  pages={1735--1780},
  year={1997},
  publisher={MIT Press}
}

@article{DSLgraves2013speech,
  author    = {Alex Graves and
               Abdel{-}rahman Mohamed and
               Geoffrey E. Hinton},
  title     = {Speech Recognition with Deep Recurrent Neural Networks},
  journal   = {CoRR},
  volume    = {abs/1303.5778},
  year      = {2013},
  archivePrefix = {arXiv},
  eprint    = {1303.5778},
  timestamp = {Mon, 13 Aug 2018 16:48:55 +0200},
  biburl    = {https://dblp.org/rec/bib/journals/corr/abs-1303-5778},
  bibsource = {dblp computer science bibliography, https://dblp.org}
}

@misc{DSLchung2014empirical,
    title={Empirical Evaluation of Gated Recurrent Neural Networks on Sequence Modeling},
    author={Junyoung Chung and Caglar Gulcehre and KyungHyun Cho and Yoshua Bengio},
    year={2014},
    eprint={1412.3555},
    archivePrefix={arXiv},
    primaryClass={cs.NE}
}


@misc{DSLcho2014learning,
    title={Learning Phrase Representations using RNN Encoder-Decoder for Statistical Machine Translation},
    author={Kyunghyun Cho and Bart van Merrienboer and Caglar Gulcehre and Dzmitry Bahdanau and Fethi Bougares and Holger Schwenk and Yoshua Bengio},
    year={2014},
    eprint={1406.1078},
    archivePrefix={arXiv},
    primaryClass={cs.CL}
}
# ############################################################
# Deep Unsupervised Learning
# ############################################################
@inproceedings{DULle2013building,
  title={Building high-level features using large scale unsupervised learning},
  author={Le, Quoc V},
  booktitle={2013 IEEE international conference on acoustics, speech and signal processing},
  pages={8595--8598},
  year={2013},
  organization={IEEE}
}

@inproceedings{DULgoodfellow2014generative,
  title={Generative adversarial nets},
  author={Goodfellow, Ian and Pouget-Abadie, Jean and Mirza, Mehdi and Xu, Bing and Warde-Farley, David and Ozair, Sherjil and Courville, Aaron and Bengio, Yoshua},
  booktitle={Advances in neural information processing systems},
  pages={2672--2680},
  year={2014}
}

@article{DULradford2015unsupervised,
  title={Unsupervised representation learning with deep convolutional generative adversarial networks},
  author={Radford, Alec and Metz, Luke and Chintala, Soumith},
  journal={arXiv preprint arXiv:1511.06434},
  year={2015}
}

# ############################################################
# Computer Vision XAI
# ############################################################
@article{CVXAIliu2016towards,
  title={Towards better analysis of deep convolutional neural networks},
  author={Liu, Mengchen and Shi, Jiaxin and Li, Zhen and Li, Chongxuan and Zhu, Jun and Liu, Shixia},
  journal={IEEE transactions on visualization and computer graphics},
  volume={23},
  number={1},
  pages={91--100},
  year={2016},
  publisher={IEEE}
}

@inproceedings{CVXAIzhou2016learning,
  title={Learning deep features for discriminative localization},
  author={Zhou, Bolei and Khosla, Aditya and Lapedriza, Agata and Oliva, Aude and Torralba, Antonio},
  booktitle={Proceedings of the IEEE conference on computer vision and pattern recognition},
  pages={2921--2929},
  year={2016}
}

@article{CVXAIqi2019visualizing,
  title={Visualizing deep networks by optimizing with integrated gradients},
  author={Qi, Zhongang and Khorram, Saeed and Li, Fuxin},
  journal={arXiv preprint arXiv:1905.00954},
  year={2019}
}

@inproceedings{CVXAIsundararajan2017axiomatic,
  title={Axiomatic attribution for deep networks},
  author={Sundararajan, Mukund and Taly, Ankur and Yan, Qiqi},
  booktitle={Proceedings of the 34th International Conference on Machine Learning-Volume 70},
  pages={3319--3328},
  year={2017},
  organization={JMLR. org}
}


# ############################################################
# NLP XAI
# ############################################################
@article{NLPXAIkarpathy2015visualizing,
  title={Visualizing and understanding recurrent networks},
  author={Karpathy, Andrej and Johnson, Justin and Fei-Fei, Li},
  journal={arXiv preprint arXiv:1506.02078},
  year={2015}
}

@article{NLPXAIarras2017explaining,
  title={Explaining recurrent neural network predictions in sentiment analysis},
  author={Arras, Leila and Montavon, Gr{\'e}goire and M{\"u}ller, Klaus-Robert and Samek, Wojciech},
  journal={arXiv preprint arXiv:1706.07206},
  year={2017}
}

@inproceedings{NLPXAIfoerster2017input,
  title={Input switched affine networks: an RNN architecture designed for interpretability},
  author={Foerster, Jakob N and Gilmer, Justin and Sohl-Dickstein, Jascha and Chorowski, Jan and Sussillo, David},
  booktitle={Proceedings of the 34th International Conference on Machine Learning-Volume 70},
  pages={1136--1145},
  year={2017},
  organization={JMLR. org}
}

@InProceedings{NLPXAIguan2019towards,
author = {Guan, Chaoyu and Wang, Xiting and Zhang, Quanshi and Chen, Runjin and He, Di and Xie, Xing},
title = {Towards A Deep and Unified Understanding of Deep Neural Models in NLP},
booktitle = {International Conference on Machine Learning (ICML)},
year = {2019},
month = {June},
abstract = {We define a unified information-based measure to provide quantitative explanations on how intermediate layers of deep Natural Language Processing (NLP) models leverage information of input words. Our method advances existing explanation methods by addressing issues in coherency and generality. Explanations generated by using our method are consistent and faithful across different timestamps, layers, and models. We show how our method can be applied to four widely used models in NLP and explain their performances on three real-world benchmark datasets.},
}

@article{NLPXAIguo2019exploring,
  title={Exploring Interpretable LSTM Neural Networks over Multi-Variable Data},
  author={Guo, Tian and Lin, Tao and Antulov-Fantulin, Nino},
  journal={arXiv preprint arXiv:1905.12034},
  year={2019}
}

@article{NLPXAIbach2015lrp,
    author = {Bach, Sebastian AND Binder, Alexander AND Montavon, Grégoire AND Klauschen, Frederick AND Müller, Klaus-Robert AND Samek, Wojciech},
    journal = {PLOS ONE},
    publisher = {Public Library of Science},
    title = {On Pixel-Wise Explanations for Non-Linear Classifier Decisions by Layer-Wise Relevance Propagation},
    year = {2015},
    month = {07},
    volume = {10},
    url = {https://doi.org/10.1371/journal.pone.0130140},
    pages = {1-46},
    abstract = {Understanding and interpreting classification decisions of automated image classification systems is of high value in many applications, as it allows to verify the reasoning of the system and provides additional information to the human expert. Although machine learning methods are solving very successfully a plethora of tasks, they have in most cases the disadvantage of acting as a black box, not providing any information about what made them arrive at a particular decision. This work proposes a general solution to the problem of understanding classification decisions by pixel-wise decomposition of nonlinear classifiers. We introduce a methodology that allows to visualize the contributions of single pixels to predictions for kernel-based classifiers over Bag of Words features and for multilayered neural networks. These pixel contributions can be visualized as heatmaps and are provided to a human expert who can intuitively not only verify the validity of the classification decision, but also focus further analysis on regions of potential interest. We evaluate our method for classifiers trained on PASCAL VOC 2009 images, synthetic image data containing geometric shapes, the MNIST handwritten digits data set and for the pre-trained ImageNet model available as part of the Caffe open source package.},
    number = {7},
    doi = {10.1371/journal.pone.0130140}
}

# ############################################################
# Miscellaneous 
# ############################################################
@article{MISCbellemare2013arcade,
  title={The arcade learning environment: An evaluation platform for general agents},
  author={Bellemare, Marc G and Naddaf, Yavar and Veness, Joel and Bowling, Michael},
  journal={Journal of Artificial Intelligence Research},
  volume={47},
  pages={253--279},
  year={2013}
}

@inproceedings{MISCmnih2016asynchronous,
  title={Asynchronous methods for deep reinforcement learning},
  author={Mnih, Volodymyr and Badia, Adria Puigdomenech and Mirza, Mehdi and Graves, Alex and Lillicrap, Timothy and Harley, Tim and Silver, David and Kavukcuoglu, Koray},
  booktitle={International conference on machine learning},
  pages={1928--1937},
  year={2016}
}

@inproceedings{
MISCkoul2018learning,
title={Learning Finite State Representations of Recurrent Policy Networks},
author={Anurag Koul and Alan Fern and Sam Greydanus},
booktitle={International Conference on Learning Representations},
year={2019},
}

@article{MISCpaull1959minimizing,
  title={Minimizing the number of states in incompletely specified sequential switching functions},
  author={Paull, Marvin C and Unger, Stephen H},
  journal={IRE Transactions on Electronic Computers},
  pages={356--367},
  year={1959},
  publisher={IEEE}
}


# ############################################################
# FSM RNN
# ############################################################
@misc{FSMweiss2017extracting,
    title={Extracting Automata from Recurrent Neural Networks Using Queries and Counterexamples},
    author={Gail Weiss and Yoav Goldberg and Eran Yahav},
    year={2017},
    eprint={1711.09576},
    archivePrefix={arXiv},
    primaryClass={cs.LG}
}

@misc{FSMweiss2019learning,
    title={Learning Deterministic Weighted Automata with Queries and Counterexamples},
    author={Gail Weiss and Yoav Goldberg and Eran Yahav},
    year={2019},
    eprint={1910.13895},
    archivePrefix={arXiv},
    primaryClass={cs.LG}
}

@INPROCEEDINGS{FSMcechin2003automata,
author={A. L. {Cechin} and D. {Regina} and P. {Simon} and K. {Stertz}},
booktitle={23rd International Conference of the Chilean Computer Science Society, 2003. SCCC 2003. Proceedings.},
title={State automata extraction from recurrent neural nets using k-means and fuzzy clustering},
year={2003},
volume={},
number={},
pages={73-78},
keywords={finite automata;recurrent neural nets;fuzzy logic;fuzzy systems;pendulums;nonlinear systems;state automata extraction;recurrent neural nets;k-means clustering;fuzzy clustering;finite state automata;fuzzy membership functions;Recurrent neural networks;Fuzzy neural networks;Learning automata;Neural networks;Clustering methods;Nonlinear dynamical systems;State-space methods;Automatic control;Nonlinear control systems;Control systems},
doi={10.1109/SCCC.2003.1245447},
ISSN={1522-4902},
month={Nov},}

@incollection{FSMtivno1998finite,
  title={Finite state machines and recurrent neural networks—automata and dynamical systems approaches},
  author={Ti{\v{n}}o, Peter and Horne, Bill G and Giles, C Lee and Collingwood, Pete C},
  booktitle={Neural networks and pattern recognition},
  pages={171--219},
  year={1998},
  publisher={Elsevier}
}



# Atari
@article{machado2018revisiting,
  title={Revisiting the arcade learning environment: Evaluation protocols and open problems for general agents},
  author={Machado, Marlos C and Bellemare, Marc G and Talvitie, Erik and Veness, Joel and Hausknecht, Matthew and Bowling, Michael},
  journal={Journal of Artificial Intelligence Research},
  volume={61},
  pages={523--562},
  year={2018}
}

@article{bellemare2013arcade,
  title={The arcade learning environment: An evaluation platform for general agents},
  author={Bellemare, Marc G and Naddaf, Yavar and Veness, Joel and Bowling, Michael},
  journal={Journal of Artificial Intelligence Research},
  volume={47},
  pages={253--279},
  year={2013}
}
@article{brockman2016openai,
  title={Openai gym},
  author={Brockman, Greg and Cheung, Vicki and Pettersson, Ludwig and Schneider, Jonas and Schulman, John and Tang, Jie and Zaremba, Wojciech},
  journal={arXiv preprint arXiv:1606.01540},
  year={2016}
}



#####################################
#   Imitation Learning
####################################
@misc{ILho2016generative,
    title={Generative Adversarial Imitation Learning},
    author={Jonathan Ho and Stefano Ermon},
    year={2016},
    eprint={1606.03476},
    archivePrefix={arXiv},
    primaryClass={cs.LG}
}

@article{silver2018,
  title={A general reinforcement learning algorithm that masters chess, shogi, and Go through self-play},
  author={Silver, David and Hubert, Thomas and Schrittwieser, Julian and Antonoglou, Ioannis and Lai, Matthew and Guez, Arthur and Lanctot, Marc and Sifre, Laurent and Kumaran, Dharshan and Graepel, Thore and others},
  journal={Science},
  volume={362},
  number={6419},
  pages={1140--1144},
  year={2018},
  publisher={American Association for the Advancement of Science}
}

@article{vinyals2019,
  title={Grandmaster level in StarCraft II using multi-agent reinforcement learning},
  author={Vinyals, Oriol and Babuschkin, Igor and Czarnecki, Wojciech M and Mathieu, Micha{\"e}l and Dudzik, Andrew and Chung, Junyoung and Choi, David H and Powell, Richard and Ewalds, Timo and Georgiev, Petko and others},
  journal={Nature},
  volume={575},
  number={7782},
  pages={350--354},
  year={2019},
  publisher={Nature Publishing Group}
}

@article{Huang2018,
 title={Establishing Appropriate Trust via Critical States},
 url={http://par.nsf.gov/biblio/10110273},
 DOI={10.1109/IROS.2018.8593649},
 journal={IROS},
 author={Huang, Sandy H. and Bhatia, Kush and Abbeel, Pieter and Dragan, Anca D.},
 year={2018},
 month={Oct}
 }
 
@book{yinCaseStudies,
title={Case Study Research and Applications: Design and Methods},
author={Yin, Robert K.},
publisher={Sage Publishing},
edition={6e},
year={2017},
month={Oct}
}